%YAML 1.1
%TAG !u! tag:unity3d.com,2011:
--- !u!1 &8450531420153504491
GameObject:
  m_ObjectHideFlags: 0
  m_CorrespondingSourceObject: {fileID: 0}
  m_PrefabInstance: {fileID: 0}
  m_PrefabAsset: {fileID: 0}
  serializedVersion: 6
  m_Component:
  - component: {fileID: 8450531420153504490}
  - component: {fileID: -4581437493967858155}
  m_Layer: 5
  m_Name: Win
  m_TagString: Untagged
  m_Icon: {fileID: 0}
  m_NavMeshLayer: 0
  m_StaticEditorFlags: 0
  m_IsActive: 1
--- !u!224 &8450531420153504490
RectTransform:
  m_ObjectHideFlags: 0
  m_CorrespondingSourceObject: {fileID: 0}
  m_PrefabInstance: {fileID: 0}
  m_PrefabAsset: {fileID: 0}
  m_GameObject: {fileID: 8450531420153504491}
  m_LocalRotation: {x: -0, y: -0, z: -0, w: 1}
  m_LocalPosition: {x: 0, y: 0, z: 0}
  m_LocalScale: {x: 1.0007789, y: 1.0007789, z: 1.0007789}
  m_Children:
  - {fileID: 8707719553493243701}
  - {fileID: 7255543320182659701}
  - {fileID: 1029617551426404857}
  - {fileID: 596166215618363049}
  m_Father: {fileID: 0}
  m_RootOrder: 0
  m_LocalEulerAnglesHint: {x: 0, y: 0, z: 0}
  m_AnchorMin: {x: 0, y: 0}
  m_AnchorMax: {x: 1, y: 1}
  m_AnchoredPosition: {x: 0, y: 0}
  m_SizeDelta: {x: 0, y: 0}
  m_Pivot: {x: 0.5, y: 0.5}
--- !u!114 &-4581437493967858155
MonoBehaviour:
  m_ObjectHideFlags: 0
  m_CorrespondingSourceObject: {fileID: 0}
  m_PrefabInstance: {fileID: 0}
  m_PrefabAsset: {fileID: 0}
  m_GameObject: {fileID: 8450531420153504491}
  m_Enabled: 1
  m_EditorHideFlags: 0
  m_Script: {fileID: 11500000, guid: 9d929925acf6e584396236ddcfeede25, type: 3}
  m_Name: 
  m_EditorClassIdentifier: 
  type: 3
  stars:
  - {fileID: 5018136284530645111}
  - {fileID: 4283755143050460775}
  - {fileID: 8330610496338165039}
  starYellow: {fileID: 21300000, guid: ec4f3bfc5250ddb49800163a1c240a75, type: 3}
  starWhite: {fileID: 21300000, guid: b7e575900837e384ba27bd3b57de7507, type: 3}
--- !u!1001 &1354775061393074179
PrefabInstance:
  m_ObjectHideFlags: 0
  serializedVersion: 2
  m_Modification:
    m_TransformParent: {fileID: 8450531420153504490}
    m_Modifications:
    - target: {fileID: 4384172826096302624, guid: 3242117b469699b4aa479f880230ac9e,
        type: 3}
      propertyPath: m_Name
      value: StarsContainer
      objectReference: {fileID: 0}
    - target: {fileID: 1912660667159090858, guid: 3242117b469699b4aa479f880230ac9e,
        type: 3}
      propertyPath: m_LocalPosition.x
      value: 0
      objectReference: {fileID: 0}
    - target: {fileID: 1912660667159090858, guid: 3242117b469699b4aa479f880230ac9e,
        type: 3}
      propertyPath: m_LocalPosition.y
      value: 0
      objectReference: {fileID: 0}
    - target: {fileID: 1912660667159090858, guid: 3242117b469699b4aa479f880230ac9e,
        type: 3}
      propertyPath: m_LocalPosition.z
      value: 0
      objectReference: {fileID: 0}
    - target: {fileID: 1912660667159090858, guid: 3242117b469699b4aa479f880230ac9e,
        type: 3}
      propertyPath: m_LocalRotation.x
      value: -0
      objectReference: {fileID: 0}
    - target: {fileID: 1912660667159090858, guid: 3242117b469699b4aa479f880230ac9e,
        type: 3}
      propertyPath: m_LocalRotation.y
      value: -0
      objectReference: {fileID: 0}
    - target: {fileID: 1912660667159090858, guid: 3242117b469699b4aa479f880230ac9e,
        type: 3}
      propertyPath: m_LocalRotation.z
      value: -0
      objectReference: {fileID: 0}
    - target: {fileID: 1912660667159090858, guid: 3242117b469699b4aa479f880230ac9e,
        type: 3}
      propertyPath: m_LocalRotation.w
      value: 1
      objectReference: {fileID: 0}
    - target: {fileID: 1912660667159090858, guid: 3242117b469699b4aa479f880230ac9e,
        type: 3}
      propertyPath: m_RootOrder
      value: 3
      objectReference: {fileID: 0}
    - target: {fileID: 1912660667159090858, guid: 3242117b469699b4aa479f880230ac9e,
        type: 3}
      propertyPath: m_LocalEulerAnglesHint.x
      value: 0
      objectReference: {fileID: 0}
    - target: {fileID: 1912660667159090858, guid: 3242117b469699b4aa479f880230ac9e,
        type: 3}
      propertyPath: m_LocalEulerAnglesHint.y
      value: 0
      objectReference: {fileID: 0}
    - target: {fileID: 1912660667159090858, guid: 3242117b469699b4aa479f880230ac9e,
        type: 3}
      propertyPath: m_LocalEulerAnglesHint.z
      value: 0
      objectReference: {fileID: 0}
    - target: {fileID: 1912660667159090858, guid: 3242117b469699b4aa479f880230ac9e,
        type: 3}
      propertyPath: m_AnchoredPosition.x
      value: 0
      objectReference: {fileID: 0}
    - target: {fileID: 1912660667159090858, guid: 3242117b469699b4aa479f880230ac9e,
        type: 3}
      propertyPath: m_AnchoredPosition.y
      value: 170
      objectReference: {fileID: 0}
    - target: {fileID: 1912660667159090858, guid: 3242117b469699b4aa479f880230ac9e,
        type: 3}
      propertyPath: m_SizeDelta.x
      value: 400
      objectReference: {fileID: 0}
    - target: {fileID: 1912660667159090858, guid: 3242117b469699b4aa479f880230ac9e,
        type: 3}
      propertyPath: m_SizeDelta.y
      value: 100
      objectReference: {fileID: 0}
    - target: {fileID: 1912660667159090858, guid: 3242117b469699b4aa479f880230ac9e,
        type: 3}
      propertyPath: m_AnchorMin.x
      value: 0.5
      objectReference: {fileID: 0}
    - target: {fileID: 1912660667159090858, guid: 3242117b469699b4aa479f880230ac9e,
        type: 3}
      propertyPath: m_AnchorMin.y
      value: 0
      objectReference: {fileID: 0}
    - target: {fileID: 1912660667159090858, guid: 3242117b469699b4aa479f880230ac9e,
        type: 3}
      propertyPath: m_AnchorMax.x
      value: 0.5
      objectReference: {fileID: 0}
    - target: {fileID: 1912660667159090858, guid: 3242117b469699b4aa479f880230ac9e,
        type: 3}
      propertyPath: m_AnchorMax.y
      value: 0
      objectReference: {fileID: 0}
    - target: {fileID: 1912660667159090858, guid: 3242117b469699b4aa479f880230ac9e,
        type: 3}
      propertyPath: m_Pivot.x
      value: 0.5
      objectReference: {fileID: 0}
    - target: {fileID: 1912660667159090858, guid: 3242117b469699b4aa479f880230ac9e,
        type: 3}
      propertyPath: m_Pivot.y
      value: 0
      objectReference: {fileID: 0}
    - target: {fileID: 1912660667159090858, guid: 3242117b469699b4aa479f880230ac9e,
        type: 3}
      propertyPath: m_LocalScale.x
      value: 0.99922174
      objectReference: {fileID: 0}
    - target: {fileID: 1912660667159090858, guid: 3242117b469699b4aa479f880230ac9e,
        type: 3}
      propertyPath: m_LocalScale.y
      value: 0.99922174
      objectReference: {fileID: 0}
    - target: {fileID: 1912660667159090858, guid: 3242117b469699b4aa479f880230ac9e,
        type: 3}
      propertyPath: m_LocalScale.z
      value: 0.99922174
      objectReference: {fileID: 0}
    - target: {fileID: 7419096840357039491, guid: 3242117b469699b4aa479f880230ac9e,
        type: 3}
      propertyPath: m_SizeDelta.x
      value: 100
      objectReference: {fileID: 0}
    - target: {fileID: 7419096840357039491, guid: 3242117b469699b4aa479f880230ac9e,
        type: 3}
      propertyPath: m_SizeDelta.y
      value: 100
      objectReference: {fileID: 0}
    - target: {fileID: 3322354447573733067, guid: 3242117b469699b4aa479f880230ac9e,
        type: 3}
      propertyPath: m_SizeDelta.x
      value: 100
      objectReference: {fileID: 0}
    - target: {fileID: 3322354447573733067, guid: 3242117b469699b4aa479f880230ac9e,
        type: 3}
      propertyPath: m_SizeDelta.y
      value: 100
      objectReference: {fileID: 0}
    - target: {fileID: 1739261929580440467, guid: 3242117b469699b4aa479f880230ac9e,
        type: 3}
      propertyPath: m_SizeDelta.x
      value: 100
      objectReference: {fileID: 0}
    - target: {fileID: 1739261929580440467, guid: 3242117b469699b4aa479f880230ac9e,
        type: 3}
      propertyPath: m_SizeDelta.y
      value: 100
      objectReference: {fileID: 0}
    - target: {fileID: 9040186043966125727, guid: 3242117b469699b4aa479f880230ac9e,
        type: 3}
      propertyPath: m_IsActive
      value: 1
      objectReference: {fileID: 0}
    - target: {fileID: 3862826032833590743, guid: 3242117b469699b4aa479f880230ac9e,
        type: 3}
      propertyPath: m_IsActive
      value: 1
      objectReference: {fileID: 0}
    - target: {fileID: 262270397561409679, guid: 3242117b469699b4aa479f880230ac9e,
        type: 3}
      propertyPath: m_IsActive
      value: 1
      objectReference: {fileID: 0}
    - target: {fileID: 7012498959696663852, guid: 3242117b469699b4aa479f880230ac9e,
        type: 3}
      propertyPath: m_Sprite
      value: 
      objectReference: {fileID: 21300000, guid: b7e575900837e384ba27bd3b57de7507,
        type: 3}
    - target: {fileID: 6298601702934638708, guid: 3242117b469699b4aa479f880230ac9e,
        type: 3}
      propertyPath: m_Sprite
      value: 
      objectReference: {fileID: 21300000, guid: b7e575900837e384ba27bd3b57de7507,
        type: 3}
    - target: {fileID: 3008356338911811172, guid: 3242117b469699b4aa479f880230ac9e,
        type: 3}
      propertyPath: m_Sprite
      value: 
      objectReference: {fileID: 21300000, guid: b7e575900837e384ba27bd3b57de7507,
        type: 3}
    m_RemovedComponents: []
  m_SourcePrefab: {fileID: 100100000, guid: 3242117b469699b4aa479f880230ac9e, type: 3}
--- !u!224 &596166215618363049 stripped
RectTransform:
  m_CorrespondingSourceObject: {fileID: 1912660667159090858, guid: 3242117b469699b4aa479f880230ac9e,
    type: 3}
  m_PrefabInstance: {fileID: 1354775061393074179}
  m_PrefabAsset: {fileID: 0}
--- !u!114 &5018136284530645111 stripped
MonoBehaviour:
  m_CorrespondingSourceObject: {fileID: 6298601702934638708, guid: 3242117b469699b4aa479f880230ac9e,
    type: 3}
  m_PrefabInstance: {fileID: 1354775061393074179}
  m_PrefabAsset: {fileID: 0}
  m_GameObject: {fileID: 0}
  m_Enabled: 1
  m_EditorHideFlags: 0
  m_Script: {fileID: 11500000, guid: fe87c0e1cc204ed48ad3b37840f39efc, type: 3}
  m_Name: 
  m_EditorClassIdentifier: 
--- !u!114 &4283755143050460775 stripped
MonoBehaviour:
  m_CorrespondingSourceObject: {fileID: 3008356338911811172, guid: 3242117b469699b4aa479f880230ac9e,
    type: 3}
  m_PrefabInstance: {fileID: 1354775061393074179}
  m_PrefabAsset: {fileID: 0}
  m_GameObject: {fileID: 0}
  m_Enabled: 1
  m_EditorHideFlags: 0
  m_Script: {fileID: 11500000, guid: fe87c0e1cc204ed48ad3b37840f39efc, type: 3}
  m_Name: 
  m_EditorClassIdentifier: 
--- !u!114 &8330610496338165039 stripped
MonoBehaviour:
  m_CorrespondingSourceObject: {fileID: 7012498959696663852, guid: 3242117b469699b4aa479f880230ac9e,
    type: 3}
  m_PrefabInstance: {fileID: 1354775061393074179}
  m_PrefabAsset: {fileID: 0}
  m_GameObject: {fileID: 0}
  m_Enabled: 1
  m_EditorHideFlags: 0
  m_Script: {fileID: 11500000, guid: fe87c0e1cc204ed48ad3b37840f39efc, type: 3}
  m_Name: 
  m_EditorClassIdentifier: 
--- !u!1001 &4360050878987308033
PrefabInstance:
  m_ObjectHideFlags: 0
  serializedVersion: 2
  m_Modification:
    m_TransformParent: {fileID: 8450531420153504490}
    m_Modifications:
    - target: {fileID: 2626909310350465468, guid: afa6786165e689d41b68f07ff79cd8e3,
        type: 3}
      propertyPath: m_Name
      value: Text
      objectReference: {fileID: 0}
    - target: {fileID: 6355385127095834228, guid: afa6786165e689d41b68f07ff79cd8e3,
        type: 3}
      propertyPath: m_LocalPosition.x
      value: 0
      objectReference: {fileID: 0}
    - target: {fileID: 6355385127095834228, guid: afa6786165e689d41b68f07ff79cd8e3,
        type: 3}
      propertyPath: m_LocalPosition.y
      value: 0
      objectReference: {fileID: 0}
    - target: {fileID: 6355385127095834228, guid: afa6786165e689d41b68f07ff79cd8e3,
        type: 3}
      propertyPath: m_LocalPosition.z
      value: 0
      objectReference: {fileID: 0}
    - target: {fileID: 6355385127095834228, guid: afa6786165e689d41b68f07ff79cd8e3,
        type: 3}
      propertyPath: m_LocalRotation.x
      value: -0
      objectReference: {fileID: 0}
    - target: {fileID: 6355385127095834228, guid: afa6786165e689d41b68f07ff79cd8e3,
        type: 3}
      propertyPath: m_LocalRotation.y
      value: -0
      objectReference: {fileID: 0}
    - target: {fileID: 6355385127095834228, guid: afa6786165e689d41b68f07ff79cd8e3,
        type: 3}
      propertyPath: m_LocalRotation.z
      value: -0
      objectReference: {fileID: 0}
    - target: {fileID: 6355385127095834228, guid: afa6786165e689d41b68f07ff79cd8e3,
        type: 3}
      propertyPath: m_LocalRotation.w
      value: 1
      objectReference: {fileID: 0}
    - target: {fileID: 6355385127095834228, guid: afa6786165e689d41b68f07ff79cd8e3,
        type: 3}
      propertyPath: m_RootOrder
      value: 1
      objectReference: {fileID: 0}
    - target: {fileID: 6355385127095834228, guid: afa6786165e689d41b68f07ff79cd8e3,
        type: 3}
      propertyPath: m_LocalEulerAnglesHint.x
      value: 0
      objectReference: {fileID: 0}
    - target: {fileID: 6355385127095834228, guid: afa6786165e689d41b68f07ff79cd8e3,
        type: 3}
      propertyPath: m_LocalEulerAnglesHint.y
      value: 0
      objectReference: {fileID: 0}
    - target: {fileID: 6355385127095834228, guid: afa6786165e689d41b68f07ff79cd8e3,
        type: 3}
      propertyPath: m_LocalEulerAnglesHint.z
      value: 0
      objectReference: {fileID: 0}
    - target: {fileID: 6355385127095834228, guid: afa6786165e689d41b68f07ff79cd8e3,
        type: 3}
      propertyPath: m_AnchoredPosition.x
      value: 0
      objectReference: {fileID: 0}
    - target: {fileID: 6355385127095834228, guid: afa6786165e689d41b68f07ff79cd8e3,
        type: 3}
      propertyPath: m_AnchoredPosition.y
      value: -30
      objectReference: {fileID: 0}
    - target: {fileID: 6355385127095834228, guid: afa6786165e689d41b68f07ff79cd8e3,
        type: 3}
      propertyPath: m_SizeDelta.x
      value: 250
      objectReference: {fileID: 0}
    - target: {fileID: 6355385127095834228, guid: afa6786165e689d41b68f07ff79cd8e3,
        type: 3}
      propertyPath: m_SizeDelta.y
      value: 100
      objectReference: {fileID: 0}
    - target: {fileID: 6355385127095834228, guid: afa6786165e689d41b68f07ff79cd8e3,
        type: 3}
      propertyPath: m_AnchorMin.x
      value: 0.5
      objectReference: {fileID: 0}
    - target: {fileID: 6355385127095834228, guid: afa6786165e689d41b68f07ff79cd8e3,
        type: 3}
      propertyPath: m_AnchorMin.y
      value: 1
      objectReference: {fileID: 0}
    - target: {fileID: 6355385127095834228, guid: afa6786165e689d41b68f07ff79cd8e3,
        type: 3}
      propertyPath: m_AnchorMax.x
      value: 0.5
      objectReference: {fileID: 0}
    - target: {fileID: 6355385127095834228, guid: afa6786165e689d41b68f07ff79cd8e3,
        type: 3}
      propertyPath: m_AnchorMax.y
      value: 1
      objectReference: {fileID: 0}
    - target: {fileID: 6355385127095834228, guid: afa6786165e689d41b68f07ff79cd8e3,
        type: 3}
      propertyPath: m_Pivot.x
      value: 0.5
      objectReference: {fileID: 0}
    - target: {fileID: 6355385127095834228, guid: afa6786165e689d41b68f07ff79cd8e3,
        type: 3}
      propertyPath: m_Pivot.y
      value: 1
      objectReference: {fileID: 0}
    - target: {fileID: 6355385127095834228, guid: afa6786165e689d41b68f07ff79cd8e3,
        type: 3}
      propertyPath: m_LocalScale.x
      value: 1.0007788
      objectReference: {fileID: 0}
    - target: {fileID: 6355385127095834228, guid: afa6786165e689d41b68f07ff79cd8e3,
        type: 3}
      propertyPath: m_LocalScale.y
      value: 1.0007788
      objectReference: {fileID: 0}
    - target: {fileID: 6355385127095834228, guid: afa6786165e689d41b68f07ff79cd8e3,
        type: 3}
      propertyPath: m_LocalScale.z
      value: 1.0007788
      objectReference: {fileID: 0}
    - target: {fileID: 6804054157467007445, guid: afa6786165e689d41b68f07ff79cd8e3,
        type: 3}
      propertyPath: m_textInfo.characterCount
      value: 7
      objectReference: {fileID: 0}
    - target: {fileID: 6804054157467007445, guid: afa6786165e689d41b68f07ff79cd8e3,
        type: 3}
      propertyPath: m_textInfo.wordCount
      value: 2
      objectReference: {fileID: 0}
    - target: {fileID: 6804054157467007445, guid: afa6786165e689d41b68f07ff79cd8e3,
        type: 3}
      propertyPath: m_textInfo.lineCount
      value: 1
      objectReference: {fileID: 0}
    - target: {fileID: 6804054157467007445, guid: afa6786165e689d41b68f07ff79cd8e3,
        type: 3}
      propertyPath: m_textInfo.pageCount
      value: 1
      objectReference: {fileID: 0}
    - target: {fileID: 6804054157467007445, guid: afa6786165e689d41b68f07ff79cd8e3,
        type: 3}
      propertyPath: m_text
      value: You Win
      objectReference: {fileID: 0}
    - target: {fileID: 6804054157467007445, guid: afa6786165e689d41b68f07ff79cd8e3,
        type: 3}
      propertyPath: m_fontColor32.rgba
      value: 4294967295
      objectReference: {fileID: 0}
    - target: {fileID: 6804054157467007445, guid: afa6786165e689d41b68f07ff79cd8e3,
        type: 3}
      propertyPath: m_textInfo.spaceCount
      value: 1
      objectReference: {fileID: 0}
    - target: {fileID: 6804054157467007445, guid: afa6786165e689d41b68f07ff79cd8e3,
        type: 3}
      propertyPath: m_fontColor.r
      value: 1
      objectReference: {fileID: 0}
    - target: {fileID: 6804054157467007445, guid: afa6786165e689d41b68f07ff79cd8e3,
        type: 3}
      propertyPath: m_fontColor.g
      value: 1
      objectReference: {fileID: 0}
    - target: {fileID: 6804054157467007445, guid: afa6786165e689d41b68f07ff79cd8e3,
        type: 3}
      propertyPath: m_fontColor.b
      value: 1
      objectReference: {fileID: 0}
    - target: {fileID: 6804054157467007445, guid: afa6786165e689d41b68f07ff79cd8e3,
        type: 3}
      propertyPath: m_fontAsset
      value: 
      objectReference: {fileID: 11400000, guid: 6f5588d29f6135344bc088b1ffcffb29,
        type: 2}
    - target: {fileID: 6804054157467007445, guid: afa6786165e689d41b68f07ff79cd8e3,
        type: 3}
      propertyPath: m_sharedMaterial
      value: 
      objectReference: {fileID: -8322825394678135052, guid: 6f5588d29f6135344bc088b1ffcffb29,
        type: 2}
    - target: {fileID: 6804054157467007445, guid: afa6786165e689d41b68f07ff79cd8e3,
        type: 3}
      propertyPath: m_hasFontAssetChanged
      value: 0
      objectReference: {fileID: 0}
    - target: {fileID: 6804054157467007445, guid: afa6786165e689d41b68f07ff79cd8e3,
        type: 3}
      propertyPath: m_fontSize
      value: 48
      objectReference: {fileID: 0}
    - target: {fileID: 6804054157467007445, guid: afa6786165e689d41b68f07ff79cd8e3,
        type: 3}
      propertyPath: m_fontSizeBase
      value: 48
      objectReference: {fileID: 0}
    - target: {fileID: 6804054157467007445, guid: afa6786165e689d41b68f07ff79cd8e3,
        type: 3}
      propertyPath: m_firstOverflowCharacterIndex
      value: -1
      objectReference: {fileID: 0}
    m_RemovedComponents: []
  m_SourcePrefab: {fileID: 100100000, guid: afa6786165e689d41b68f07ff79cd8e3, type: 3}
--- !u!224 &7255543320182659701 stripped
RectTransform:
  m_CorrespondingSourceObject: {fileID: 6355385127095834228, guid: afa6786165e689d41b68f07ff79cd8e3,
    type: 3}
  m_PrefabInstance: {fileID: 4360050878987308033}
  m_PrefabAsset: {fileID: 0}
--- !u!1001 &5808221480460798975
PrefabInstance:
  m_ObjectHideFlags: 0
  serializedVersion: 2
  m_Modification:
    m_TransformParent: {fileID: 8450531420153504490}
    m_Modifications:
    - target: {fileID: 3560214168978852921, guid: bdc54c890a15813408dce40194b50930,
        type: 3}
      propertyPath: m_Name
      value: BackGround
      objectReference: {fileID: 0}
    - target: {fileID: 2901156424398200010, guid: bdc54c890a15813408dce40194b50930,
        type: 3}
      propertyPath: m_LocalPosition.x
      value: 0
      objectReference: {fileID: 0}
    - target: {fileID: 2901156424398200010, guid: bdc54c890a15813408dce40194b50930,
        type: 3}
      propertyPath: m_LocalPosition.y
      value: 0
      objectReference: {fileID: 0}
    - target: {fileID: 2901156424398200010, guid: bdc54c890a15813408dce40194b50930,
        type: 3}
      propertyPath: m_LocalPosition.z
      value: 0
      objectReference: {fileID: 0}
    - target: {fileID: 2901156424398200010, guid: bdc54c890a15813408dce40194b50930,
        type: 3}
      propertyPath: m_LocalRotation.x
      value: 0
      objectReference: {fileID: 0}
    - target: {fileID: 2901156424398200010, guid: bdc54c890a15813408dce40194b50930,
        type: 3}
      propertyPath: m_LocalRotation.y
      value: 0
      objectReference: {fileID: 0}
    - target: {fileID: 2901156424398200010, guid: bdc54c890a15813408dce40194b50930,
        type: 3}
      propertyPath: m_LocalRotation.z
      value: 0
      objectReference: {fileID: 0}
    - target: {fileID: 2901156424398200010, guid: bdc54c890a15813408dce40194b50930,
        type: 3}
      propertyPath: m_LocalRotation.w
      value: 1
      objectReference: {fileID: 0}
    - target: {fileID: 2901156424398200010, guid: bdc54c890a15813408dce40194b50930,
        type: 3}
      propertyPath: m_RootOrder
      value: 0
      objectReference: {fileID: 0}
    - target: {fileID: 2901156424398200010, guid: bdc54c890a15813408dce40194b50930,
        type: 3}
      propertyPath: m_LocalEulerAnglesHint.x
      value: 0
      objectReference: {fileID: 0}
    - target: {fileID: 2901156424398200010, guid: bdc54c890a15813408dce40194b50930,
        type: 3}
      propertyPath: m_LocalEulerAnglesHint.y
      value: 0
      objectReference: {fileID: 0}
    - target: {fileID: 2901156424398200010, guid: bdc54c890a15813408dce40194b50930,
        type: 3}
      propertyPath: m_LocalEulerAnglesHint.z
      value: 0
      objectReference: {fileID: 0}
    - target: {fileID: 2901156424398200010, guid: bdc54c890a15813408dce40194b50930,
        type: 3}
      propertyPath: m_AnchoredPosition.x
      value: 0
      objectReference: {fileID: 0}
    - target: {fileID: 2901156424398200010, guid: bdc54c890a15813408dce40194b50930,
        type: 3}
      propertyPath: m_AnchoredPosition.y
      value: 0
      objectReference: {fileID: 0}
    - target: {fileID: 2901156424398200010, guid: bdc54c890a15813408dce40194b50930,
        type: 3}
      propertyPath: m_SizeDelta.x
      value: 0
      objectReference: {fileID: 0}
    - target: {fileID: 2901156424398200010, guid: bdc54c890a15813408dce40194b50930,
        type: 3}
      propertyPath: m_SizeDelta.y
      value: 0
      objectReference: {fileID: 0}
    - target: {fileID: 2901156424398200010, guid: bdc54c890a15813408dce40194b50930,
        type: 3}
      propertyPath: m_AnchorMin.x
      value: 0
      objectReference: {fileID: 0}
    - target: {fileID: 2901156424398200010, guid: bdc54c890a15813408dce40194b50930,
        type: 3}
      propertyPath: m_AnchorMin.y
      value: 0
      objectReference: {fileID: 0}
    - target: {fileID: 2901156424398200010, guid: bdc54c890a15813408dce40194b50930,
        type: 3}
      propertyPath: m_AnchorMax.x
      value: 1
      objectReference: {fileID: 0}
    - target: {fileID: 2901156424398200010, guid: bdc54c890a15813408dce40194b50930,
        type: 3}
      propertyPath: m_AnchorMax.y
      value: 1
      objectReference: {fileID: 0}
    - target: {fileID: 2901156424398200010, guid: bdc54c890a15813408dce40194b50930,
        type: 3}
      propertyPath: m_Pivot.x
      value: 0.5
      objectReference: {fileID: 0}
    - target: {fileID: 2901156424398200010, guid: bdc54c890a15813408dce40194b50930,
        type: 3}
      propertyPath: m_Pivot.y
      value: 0.5
      objectReference: {fileID: 0}
    m_RemovedComponents: []
  m_SourcePrefab: {fileID: 100100000, guid: bdc54c890a15813408dce40194b50930, type: 3}
--- !u!224 &8707719553493243701 stripped
RectTransform:
  m_CorrespondingSourceObject: {fileID: 2901156424398200010, guid: bdc54c890a15813408dce40194b50930,
    type: 3}
  m_PrefabInstance: {fileID: 5808221480460798975}
  m_PrefabAsset: {fileID: 0}
--- !u!1001 &7369420549182769925
PrefabInstance:
  m_ObjectHideFlags: 0
  serializedVersion: 2
  m_Modification:
    m_TransformParent: {fileID: 8450531420153504490}
    m_Modifications:
    - target: {fileID: 7497542597926685439, guid: 031f1f080b495ae4a99ea98d165ba308,
        type: 3}
      propertyPath: m_Name
      value: ToMenu
      objectReference: {fileID: 0}
    - target: {fileID: 7497542597926685436, guid: 031f1f080b495ae4a99ea98d165ba308,
        type: 3}
      propertyPath: m_LocalPosition.x
      value: 0
      objectReference: {fileID: 0}
    - target: {fileID: 7497542597926685436, guid: 031f1f080b495ae4a99ea98d165ba308,
        type: 3}
      propertyPath: m_LocalPosition.y
      value: 0
      objectReference: {fileID: 0}
    - target: {fileID: 7497542597926685436, guid: 031f1f080b495ae4a99ea98d165ba308,
        type: 3}
      propertyPath: m_LocalPosition.z
      value: 0
      objectReference: {fileID: 0}
    - target: {fileID: 7497542597926685436, guid: 031f1f080b495ae4a99ea98d165ba308,
        type: 3}
      propertyPath: m_LocalRotation.x
      value: -0
      objectReference: {fileID: 0}
    - target: {fileID: 7497542597926685436, guid: 031f1f080b495ae4a99ea98d165ba308,
        type: 3}
      propertyPath: m_LocalRotation.y
      value: -0
      objectReference: {fileID: 0}
    - target: {fileID: 7497542597926685436, guid: 031f1f080b495ae4a99ea98d165ba308,
        type: 3}
      propertyPath: m_LocalRotation.z
      value: -0
      objectReference: {fileID: 0}
    - target: {fileID: 7497542597926685436, guid: 031f1f080b495ae4a99ea98d165ba308,
        type: 3}
      propertyPath: m_LocalRotation.w
      value: 1
      objectReference: {fileID: 0}
    - target: {fileID: 7497542597926685436, guid: 031f1f080b495ae4a99ea98d165ba308,
        type: 3}
      propertyPath: m_RootOrder
      value: 2
      objectReference: {fileID: 0}
    - target: {fileID: 7497542597926685436, guid: 031f1f080b495ae4a99ea98d165ba308,
        type: 3}
      propertyPath: m_LocalEulerAnglesHint.x
      value: 0
      objectReference: {fileID: 0}
    - target: {fileID: 7497542597926685436, guid: 031f1f080b495ae4a99ea98d165ba308,
        type: 3}
      propertyPath: m_LocalEulerAnglesHint.y
      value: 0
      objectReference: {fileID: 0}
    - target: {fileID: 7497542597926685436, guid: 031f1f080b495ae4a99ea98d165ba308,
        type: 3}
      propertyPath: m_LocalEulerAnglesHint.z
      value: 0
      objectReference: {fileID: 0}
    - target: {fileID: 7497542597926685436, guid: 031f1f080b495ae4a99ea98d165ba308,
        type: 3}
      propertyPath: m_AnchoredPosition.x
      value: 0
      objectReference: {fileID: 0}
    - target: {fileID: 7497542597926685436, guid: 031f1f080b495ae4a99ea98d165ba308,
        type: 3}
      propertyPath: m_AnchoredPosition.y
      value: 50
      objectReference: {fileID: 0}
    - target: {fileID: 7497542597926685436, guid: 031f1f080b495ae4a99ea98d165ba308,
        type: 3}
      propertyPath: m_SizeDelta.x
      value: 150
      objectReference: {fileID: 0}
    - target: {fileID: 7497542597926685436, guid: 031f1f080b495ae4a99ea98d165ba308,
        type: 3}
      propertyPath: m_SizeDelta.y
      value: 70
      objectReference: {fileID: 0}
    - target: {fileID: 7497542597926685436, guid: 031f1f080b495ae4a99ea98d165ba308,
        type: 3}
      propertyPath: m_AnchorMin.x
      value: 0.5
      objectReference: {fileID: 0}
    - target: {fileID: 7497542597926685436, guid: 031f1f080b495ae4a99ea98d165ba308,
        type: 3}
      propertyPath: m_AnchorMin.y
      value: 0
      objectReference: {fileID: 0}
    - target: {fileID: 7497542597926685436, guid: 031f1f080b495ae4a99ea98d165ba308,
        type: 3}
      propertyPath: m_AnchorMax.x
      value: 0.5
      objectReference: {fileID: 0}
    - target: {fileID: 7497542597926685436, guid: 031f1f080b495ae4a99ea98d165ba308,
        type: 3}
      propertyPath: m_AnchorMax.y
      value: 0
      objectReference: {fileID: 0}
    - target: {fileID: 7497542597926685436, guid: 031f1f080b495ae4a99ea98d165ba308,
        type: 3}
      propertyPath: m_Pivot.x
      value: 0.5
      objectReference: {fileID: 0}
    - target: {fileID: 7497542597926685436, guid: 031f1f080b495ae4a99ea98d165ba308,
        type: 3}
      propertyPath: m_Pivot.y
      value: 0
      objectReference: {fileID: 0}
    - target: {fileID: 7497542597926685436, guid: 031f1f080b495ae4a99ea98d165ba308,
        type: 3}
      propertyPath: m_LocalScale.x
      value: 1.0007788
      objectReference: {fileID: 0}
    - target: {fileID: 7497542597926685436, guid: 031f1f080b495ae4a99ea98d165ba308,
        type: 3}
      propertyPath: m_LocalScale.y
      value: 1.0007788
      objectReference: {fileID: 0}
    - target: {fileID: 7497542597926685436, guid: 031f1f080b495ae4a99ea98d165ba308,
        type: 3}
      propertyPath: m_LocalScale.z
      value: 1.0007788
      objectReference: {fileID: 0}
    - target: {fileID: 7497542597926685437, guid: 031f1f080b495ae4a99ea98d165ba308,
        type: 3}
      propertyPath: m_OnClick.m_PersistentCalls.m_Calls.Array.data[0].m_Target
      value: 
      objectReference: {fileID: -4581437493967858155}
    - target: {fileID: 7497542597926685437, guid: 031f1f080b495ae4a99ea98d165ba308,
        type: 3}
      propertyPath: m_OnClick.m_PersistentCalls.m_Calls.Array.data[0].m_MethodName
      value: ToMainMenu
      objectReference: {fileID: 0}
    - target: {fileID: 1110270394889083880, guid: 031f1f080b495ae4a99ea98d165ba308,
        type: 3}
      propertyPath: m_textInfo.characterCount
      value: 7
      objectReference: {fileID: 0}
    - target: {fileID: 1110270394889083880, guid: 031f1f080b495ae4a99ea98d165ba308,
        type: 3}
      propertyPath: m_textInfo.wordCount
      value: 2
      objectReference: {fileID: 0}
    - target: {fileID: 1110270394889083880, guid: 031f1f080b495ae4a99ea98d165ba308,
        type: 3}
      propertyPath: m_textInfo.lineCount
      value: 1
      objectReference: {fileID: 0}
    - target: {fileID: 1110270394889083880, guid: 031f1f080b495ae4a99ea98d165ba308,
        type: 3}
      propertyPath: m_textInfo.pageCount
      value: 1
      objectReference: {fileID: 0}
    - target: {fileID: 1110270394889083880, guid: 031f1f080b495ae4a99ea98d165ba308,
        type: 3}
      propertyPath: m_text
      value: To Menu
      objectReference: {fileID: 0}
    - target: {fileID: 1110270394889083880, guid: 031f1f080b495ae4a99ea98d165ba308,
        type: 3}
      propertyPath: m_fontColor32.rgba
      value: 4278190080
      objectReference: {fileID: 0}
    - target: {fileID: 1110270394889083880, guid: 031f1f080b495ae4a99ea98d165ba308,
        type: 3}
      propertyPath: m_textInfo.spaceCount
      value: 1
      objectReference: {fileID: 0}
    - target: {fileID: 1110270394889083880, guid: 031f1f080b495ae4a99ea98d165ba308,
        type: 3}
      propertyPath: m_fontSize
      value: 30
      objectReference: {fileID: 0}
    - target: {fileID: 1110270394889083880, guid: 031f1f080b495ae4a99ea98d165ba308,
        type: 3}
      propertyPath: m_fontSizeBase
      value: 30
      objectReference: {fileID: 0}
    - target: {fileID: 1110270394889083880, guid: 031f1f080b495ae4a99ea98d165ba308,
        type: 3}
      propertyPath: m_fontAsset
      value: 
      objectReference: {fileID: 11400000, guid: 8f586378b4e144a9851e7b34d9b748ee,
        type: 2}
    - target: {fileID: 1110270394889083880, guid: 031f1f080b495ae4a99ea98d165ba308,
        type: 3}
      propertyPath: m_hasFontAssetChanged
      value: 0
      objectReference: {fileID: 0}
    - target: {fileID: 7342359014612193389, guid: 031f1f080b495ae4a99ea98d165ba308,
        type: 3}
      propertyPath: m_text
      value: Menu
      objectReference: {fileID: 0}
    - target: {fileID: 7342359014612193389, guid: 031f1f080b495ae4a99ea98d165ba308,
        type: 3}
      propertyPath: m_textInfo.characterCount
      value: 4
      objectReference: {fileID: 0}
    m_RemovedComponents: []
  m_SourcePrefab: {fileID: 100100000, guid: 031f1f080b495ae4a99ea98d165ba308, type: 3}
--- !u!224 &1029617551426404857 stripped
RectTransform:
  m_CorrespondingSourceObject: {fileID: 7497542597926685436, guid: 031f1f080b495ae4a99ea98d165ba308,
    type: 3}
  m_PrefabInstance: {fileID: 7369420549182769925}
  m_PrefabAsset: {fileID: 0}
