%YAML 1.1
%TAG !u! tag:unity3d.com,2011:
--- !u!1 &7535776009652060114
GameObject:
  m_ObjectHideFlags: 0
  m_CorrespondingSourceObject: {fileID: 0}
  m_PrefabInstance: {fileID: 0}
  m_PrefabAsset: {fileID: 0}
  serializedVersion: 6
  m_Component:
  - component: {fileID: 216768936404183182}
  - component: {fileID: 3983545909740407538}
  - component: {fileID: 2551836056098675748}
  - component: {fileID: 349205504888300797}
  - component: {fileID: 4218577427209578577}
  - component: {fileID: 909327815407063429}
  m_Layer: 5
  m_Name: Level
  m_TagString: Untagged
  m_Icon: {fileID: 0}
  m_NavMeshLayer: 0
  m_StaticEditorFlags: 0
  m_IsActive: 1
--- !u!224 &216768936404183182
RectTransform:
  m_ObjectHideFlags: 0
  m_CorrespondingSourceObject: {fileID: 0}
  m_PrefabInstance: {fileID: 0}
  m_PrefabAsset: {fileID: 0}
  m_GameObject: {fileID: 7535776009652060114}
  m_LocalRotation: {x: 0, y: 0, z: 0, w: 1}
  m_LocalPosition: {x: 0, y: 0, z: 0}
  m_LocalScale: {x: 1, y: 1, z: 1}
  m_Children:
  - {fileID: 8528011632954831563}
  - {fileID: 1405889772087257327}
  - {fileID: 4317927822156822698}
  - {fileID: 3134274287478851218}
  m_Father: {fileID: 0}
  m_RootOrder: 0
  m_LocalEulerAnglesHint: {x: 0, y: 0, z: 0}
  m_AnchorMin: {x: 0.5, y: 0.5}
  m_AnchorMax: {x: 0.5, y: 0.5}
  m_AnchoredPosition: {x: 0, y: 0}
  m_SizeDelta: {x: 200, y: 100}
  m_Pivot: {x: 0.5, y: 0.5}
--- !u!222 &3983545909740407538
CanvasRenderer:
  m_ObjectHideFlags: 0
  m_CorrespondingSourceObject: {fileID: 0}
  m_PrefabInstance: {fileID: 0}
  m_PrefabAsset: {fileID: 0}
  m_GameObject: {fileID: 7535776009652060114}
  m_CullTransparentMesh: 0
--- !u!114 &2551836056098675748
MonoBehaviour:
  m_ObjectHideFlags: 0
  m_CorrespondingSourceObject: {fileID: 0}
  m_PrefabInstance: {fileID: 0}
  m_PrefabAsset: {fileID: 0}
  m_GameObject: {fileID: 7535776009652060114}
  m_Enabled: 1
  m_EditorHideFlags: 0
  m_Script: {fileID: 11500000, guid: fe87c0e1cc204ed48ad3b37840f39efc, type: 3}
  m_Name: 
  m_EditorClassIdentifier: 
  m_Material: {fileID: 0}
  m_Color: {r: 1, g: 1, b: 1, a: 1}
  m_RaycastTarget: 1
  m_OnCullStateChanged:
    m_PersistentCalls:
      m_Calls: []
  m_Sprite: {fileID: 10905, guid: 0000000000000000f000000000000000, type: 0}
  m_Type: 1
  m_PreserveAspect: 0
  m_FillCenter: 1
  m_FillMethod: 4
  m_FillAmount: 1
  m_FillClockwise: 1
  m_FillOrigin: 0
  m_UseSpriteMesh: 0
  m_PixelsPerUnitMultiplier: 1
--- !u!114 &349205504888300797
MonoBehaviour:
  m_ObjectHideFlags: 0
  m_CorrespondingSourceObject: {fileID: 0}
  m_PrefabInstance: {fileID: 0}
  m_PrefabAsset: {fileID: 0}
  m_GameObject: {fileID: 7535776009652060114}
  m_Enabled: 1
  m_EditorHideFlags: 0
  m_Script: {fileID: 11500000, guid: 4e29b1a8efbd4b44bb3f3716e73f07ff, type: 3}
  m_Name: 
  m_EditorClassIdentifier: 
  m_Navigation:
    m_Mode: 3
    m_SelectOnUp: {fileID: 0}
    m_SelectOnDown: {fileID: 0}
    m_SelectOnLeft: {fileID: 0}
    m_SelectOnRight: {fileID: 0}
  m_Transition: 1
  m_Colors:
    m_NormalColor: {r: 1, g: 1, b: 1, a: 1}
    m_HighlightedColor: {r: 0.9607843, g: 0.9607843, b: 0.9607843, a: 1}
    m_PressedColor: {r: 0.78431374, g: 0.78431374, b: 0.78431374, a: 1}
    m_SelectedColor: {r: 0.9607843, g: 0.9607843, b: 0.9607843, a: 1}
    m_DisabledColor: {r: 0.78431374, g: 0.78431374, b: 0.78431374, a: 0.5019608}
    m_ColorMultiplier: 1
    m_FadeDuration: 0.1
  m_SpriteState:
    m_HighlightedSprite: {fileID: 0}
    m_PressedSprite: {fileID: 0}
    m_SelectedSprite: {fileID: 0}
    m_DisabledSprite: {fileID: 0}
  m_AnimationTriggers:
    m_NormalTrigger: Normal
    m_HighlightedTrigger: Highlighted
    m_PressedTrigger: Pressed
    m_SelectedTrigger: Selected
    m_DisabledTrigger: Disabled
  m_Interactable: 1
  m_TargetGraphic: {fileID: 2551836056098675748}
  m_OnClick:
    m_PersistentCalls:
      m_Calls:
      - m_Target: {fileID: 4218577427209578577}
        m_MethodName: ClickHandler
        m_Mode: 1
        m_Arguments:
          m_ObjectArgument: {fileID: 0}
          m_ObjectArgumentAssemblyTypeName: UnityEngine.Object, UnityEngine
          m_IntArgument: 0
          m_FloatArgument: 0
          m_StringArgument: 
          m_BoolArgument: 0
        m_CallState: 2
--- !u!114 &4218577427209578577
MonoBehaviour:
  m_ObjectHideFlags: 0
  m_CorrespondingSourceObject: {fileID: 0}
  m_PrefabInstance: {fileID: 0}
  m_PrefabAsset: {fileID: 0}
  m_GameObject: {fileID: 7535776009652060114}
  m_Enabled: 1
  m_EditorHideFlags: 0
  m_Script: {fileID: 11500000, guid: 988ba781812ef8c499a02e5239176c57, type: 3}
  m_Name: 
  m_EditorClassIdentifier: 
  stars:
  - {fileID: 6685734584497992456}
  - {fileID: 8405516908362244941}
  - {fileID: 7220700365258694005}
  starYellow: {fileID: 21300000, guid: ec4f3bfc5250ddb49800163a1c240a75, type: 3}
  starWhite: {fileID: 21300000, guid: b7e575900837e384ba27bd3b57de7507, type: 3}
  buttonEnable: {fileID: 21300000, guid: ee0f40c3b1e2df741ba2043b860ebe76, type: 3}
  buttonDisable: {fileID: 21300000, guid: 1faf8867b5f888342b1d189c6d9d5216, type: 3}
  levelText: {fileID: 8072582797378051434}
--- !u!114 &909327815407063429
MonoBehaviour:
  m_ObjectHideFlags: 0
  m_CorrespondingSourceObject: {fileID: 0}
  m_PrefabInstance: {fileID: 0}
  m_PrefabAsset: {fileID: 0}
  m_GameObject: {fileID: 7535776009652060114}
  m_Enabled: 1
  m_EditorHideFlags: 0
  m_Script: {fileID: 11500000, guid: 306cc8c2b49d7114eaa3623786fc2126, type: 3}
  m_Name: 
  m_EditorClassIdentifier: 
  m_IgnoreLayout: 0
  m_MinWidth: 200
  m_MinHeight: 100
  m_PreferredWidth: -1
  m_PreferredHeight: -1
  m_FlexibleWidth: -1
  m_FlexibleHeight: -1
  m_LayoutPriority: 1
--- !u!1001 &1896576684039553055
PrefabInstance:
  m_ObjectHideFlags: 0
  serializedVersion: 2
  m_Modification:
    m_TransformParent: {fileID: 216768936404183182}
    m_Modifications:
    - target: {fileID: 1320569769469268972, guid: dc3b060ed8a7a904aba9556a8e89e4e7,
        type: 3}
      propertyPath: m_Name
      value: Star
      objectReference: {fileID: 0}
    - target: {fileID: 1320569769469268972, guid: dc3b060ed8a7a904aba9556a8e89e4e7,
        type: 3}
      propertyPath: m_IsActive
      value: 0
      objectReference: {fileID: 0}
    - target: {fileID: 707987900723816688, guid: dc3b060ed8a7a904aba9556a8e89e4e7,
        type: 3}
      propertyPath: m_LocalPosition.x
      value: 0
      objectReference: {fileID: 0}
    - target: {fileID: 707987900723816688, guid: dc3b060ed8a7a904aba9556a8e89e4e7,
        type: 3}
      propertyPath: m_LocalPosition.y
      value: 0
      objectReference: {fileID: 0}
    - target: {fileID: 707987900723816688, guid: dc3b060ed8a7a904aba9556a8e89e4e7,
        type: 3}
      propertyPath: m_LocalPosition.z
      value: 0
      objectReference: {fileID: 0}
    - target: {fileID: 707987900723816688, guid: dc3b060ed8a7a904aba9556a8e89e4e7,
        type: 3}
      propertyPath: m_LocalRotation.x
      value: 0
      objectReference: {fileID: 0}
    - target: {fileID: 707987900723816688, guid: dc3b060ed8a7a904aba9556a8e89e4e7,
        type: 3}
      propertyPath: m_LocalRotation.y
      value: 0
      objectReference: {fileID: 0}
    - target: {fileID: 707987900723816688, guid: dc3b060ed8a7a904aba9556a8e89e4e7,
        type: 3}
      propertyPath: m_LocalRotation.z
      value: 0
      objectReference: {fileID: 0}
    - target: {fileID: 707987900723816688, guid: dc3b060ed8a7a904aba9556a8e89e4e7,
        type: 3}
      propertyPath: m_LocalRotation.w
      value: 1
      objectReference: {fileID: 0}
    - target: {fileID: 707987900723816688, guid: dc3b060ed8a7a904aba9556a8e89e4e7,
        type: 3}
      propertyPath: m_RootOrder
      value: 1
      objectReference: {fileID: 0}
    - target: {fileID: 707987900723816688, guid: dc3b060ed8a7a904aba9556a8e89e4e7,
        type: 3}
      propertyPath: m_LocalEulerAnglesHint.x
      value: 0
      objectReference: {fileID: 0}
    - target: {fileID: 707987900723816688, guid: dc3b060ed8a7a904aba9556a8e89e4e7,
        type: 3}
      propertyPath: m_LocalEulerAnglesHint.y
      value: 0
      objectReference: {fileID: 0}
    - target: {fileID: 707987900723816688, guid: dc3b060ed8a7a904aba9556a8e89e4e7,
        type: 3}
      propertyPath: m_LocalEulerAnglesHint.z
      value: 0
      objectReference: {fileID: 0}
    - target: {fileID: 707987900723816688, guid: dc3b060ed8a7a904aba9556a8e89e4e7,
        type: 3}
      propertyPath: m_AnchoredPosition.x
      value: -45
      objectReference: {fileID: 0}
    - target: {fileID: 707987900723816688, guid: dc3b060ed8a7a904aba9556a8e89e4e7,
        type: 3}
      propertyPath: m_AnchoredPosition.y
      value: -15
      objectReference: {fileID: 0}
    - target: {fileID: 707987900723816688, guid: dc3b060ed8a7a904aba9556a8e89e4e7,
        type: 3}
      propertyPath: m_SizeDelta.x
      value: 30
      objectReference: {fileID: 0}
    - target: {fileID: 707987900723816688, guid: dc3b060ed8a7a904aba9556a8e89e4e7,
        type: 3}
      propertyPath: m_SizeDelta.y
      value: 30
      objectReference: {fileID: 0}
    - target: {fileID: 707987900723816688, guid: dc3b060ed8a7a904aba9556a8e89e4e7,
        type: 3}
      propertyPath: m_AnchorMin.x
      value: 0.5
      objectReference: {fileID: 0}
    - target: {fileID: 707987900723816688, guid: dc3b060ed8a7a904aba9556a8e89e4e7,
        type: 3}
      propertyPath: m_AnchorMin.y
      value: 0.5
      objectReference: {fileID: 0}
    - target: {fileID: 707987900723816688, guid: dc3b060ed8a7a904aba9556a8e89e4e7,
        type: 3}
      propertyPath: m_AnchorMax.x
      value: 0.5
      objectReference: {fileID: 0}
    - target: {fileID: 707987900723816688, guid: dc3b060ed8a7a904aba9556a8e89e4e7,
        type: 3}
      propertyPath: m_AnchorMax.y
      value: 0.5
      objectReference: {fileID: 0}
    - target: {fileID: 707987900723816688, guid: dc3b060ed8a7a904aba9556a8e89e4e7,
        type: 3}
      propertyPath: m_Pivot.x
      value: 0.5
      objectReference: {fileID: 0}
    - target: {fileID: 707987900723816688, guid: dc3b060ed8a7a904aba9556a8e89e4e7,
        type: 3}
      propertyPath: m_Pivot.y
      value: 0.5
      objectReference: {fileID: 0}
    - target: {fileID: 5087236190092702487, guid: dc3b060ed8a7a904aba9556a8e89e4e7,
        type: 3}
      propertyPath: m_Color.r
      value: 1
      objectReference: {fileID: 0}
    - target: {fileID: 5087236190092702487, guid: dc3b060ed8a7a904aba9556a8e89e4e7,
        type: 3}
      propertyPath: m_Color.g
      value: 1
      objectReference: {fileID: 0}
    - target: {fileID: 5087236190092702487, guid: dc3b060ed8a7a904aba9556a8e89e4e7,
        type: 3}
      propertyPath: m_Color.b
      value: 1
      objectReference: {fileID: 0}
    m_RemovedComponents: []
  m_SourcePrefab: {fileID: 100100000, guid: dc3b060ed8a7a904aba9556a8e89e4e7, type: 3}
--- !u!224 &1405889772087257327 stripped
RectTransform:
  m_CorrespondingSourceObject: {fileID: 707987900723816688, guid: dc3b060ed8a7a904aba9556a8e89e4e7,
    type: 3}
  m_PrefabInstance: {fileID: 1896576684039553055}
  m_PrefabAsset: {fileID: 0}
--- !u!114 &6685734584497992456 stripped
MonoBehaviour:
  m_CorrespondingSourceObject: {fileID: 5087236190092702487, guid: dc3b060ed8a7a904aba9556a8e89e4e7,
    type: 3}
  m_PrefabInstance: {fileID: 1896576684039553055}
  m_PrefabAsset: {fileID: 0}
  m_GameObject: {fileID: 0}
  m_Enabled: 1
  m_EditorHideFlags: 0
  m_Script: {fileID: 11500000, guid: fe87c0e1cc204ed48ad3b37840f39efc, type: 3}
  m_Name: 
  m_EditorClassIdentifier: 
--- !u!1001 &2498489425638174306
PrefabInstance:
  m_ObjectHideFlags: 0
  serializedVersion: 2
  m_Modification:
    m_TransformParent: {fileID: 216768936404183182}
    m_Modifications:
    - target: {fileID: 1320569769469268972, guid: dc3b060ed8a7a904aba9556a8e89e4e7,
        type: 3}
      propertyPath: m_Name
      value: Star (2)
      objectReference: {fileID: 0}
    - target: {fileID: 1320569769469268972, guid: dc3b060ed8a7a904aba9556a8e89e4e7,
        type: 3}
      propertyPath: m_IsActive
      value: 0
      objectReference: {fileID: 0}
    - target: {fileID: 707987900723816688, guid: dc3b060ed8a7a904aba9556a8e89e4e7,
        type: 3}
      propertyPath: m_LocalPosition.x
      value: 0
      objectReference: {fileID: 0}
    - target: {fileID: 707987900723816688, guid: dc3b060ed8a7a904aba9556a8e89e4e7,
        type: 3}
      propertyPath: m_LocalPosition.y
      value: 0
      objectReference: {fileID: 0}
    - target: {fileID: 707987900723816688, guid: dc3b060ed8a7a904aba9556a8e89e4e7,
        type: 3}
      propertyPath: m_LocalPosition.z
      value: 0
      objectReference: {fileID: 0}
    - target: {fileID: 707987900723816688, guid: dc3b060ed8a7a904aba9556a8e89e4e7,
        type: 3}
      propertyPath: m_LocalRotation.x
      value: 0
      objectReference: {fileID: 0}
    - target: {fileID: 707987900723816688, guid: dc3b060ed8a7a904aba9556a8e89e4e7,
        type: 3}
      propertyPath: m_LocalRotation.y
      value: 0
      objectReference: {fileID: 0}
    - target: {fileID: 707987900723816688, guid: dc3b060ed8a7a904aba9556a8e89e4e7,
        type: 3}
      propertyPath: m_LocalRotation.z
      value: 0
      objectReference: {fileID: 0}
    - target: {fileID: 707987900723816688, guid: dc3b060ed8a7a904aba9556a8e89e4e7,
        type: 3}
      propertyPath: m_LocalRotation.w
      value: 1
      objectReference: {fileID: 0}
    - target: {fileID: 707987900723816688, guid: dc3b060ed8a7a904aba9556a8e89e4e7,
        type: 3}
      propertyPath: m_RootOrder
      value: 3
      objectReference: {fileID: 0}
    - target: {fileID: 707987900723816688, guid: dc3b060ed8a7a904aba9556a8e89e4e7,
        type: 3}
      propertyPath: m_LocalEulerAnglesHint.x
      value: 0
      objectReference: {fileID: 0}
    - target: {fileID: 707987900723816688, guid: dc3b060ed8a7a904aba9556a8e89e4e7,
        type: 3}
      propertyPath: m_LocalEulerAnglesHint.y
      value: 0
      objectReference: {fileID: 0}
    - target: {fileID: 707987900723816688, guid: dc3b060ed8a7a904aba9556a8e89e4e7,
        type: 3}
      propertyPath: m_LocalEulerAnglesHint.z
      value: 0
      objectReference: {fileID: 0}
    - target: {fileID: 707987900723816688, guid: dc3b060ed8a7a904aba9556a8e89e4e7,
        type: 3}
      propertyPath: m_AnchoredPosition.x
      value: 45
      objectReference: {fileID: 0}
    - target: {fileID: 707987900723816688, guid: dc3b060ed8a7a904aba9556a8e89e4e7,
        type: 3}
      propertyPath: m_AnchoredPosition.y
      value: -15
      objectReference: {fileID: 0}
    - target: {fileID: 707987900723816688, guid: dc3b060ed8a7a904aba9556a8e89e4e7,
        type: 3}
      propertyPath: m_SizeDelta.x
      value: 30
      objectReference: {fileID: 0}
    - target: {fileID: 707987900723816688, guid: dc3b060ed8a7a904aba9556a8e89e4e7,
        type: 3}
      propertyPath: m_SizeDelta.y
      value: 30
      objectReference: {fileID: 0}
    - target: {fileID: 707987900723816688, guid: dc3b060ed8a7a904aba9556a8e89e4e7,
        type: 3}
      propertyPath: m_AnchorMin.x
      value: 0.5
      objectReference: {fileID: 0}
    - target: {fileID: 707987900723816688, guid: dc3b060ed8a7a904aba9556a8e89e4e7,
        type: 3}
      propertyPath: m_AnchorMin.y
      value: 0.5
      objectReference: {fileID: 0}
    - target: {fileID: 707987900723816688, guid: dc3b060ed8a7a904aba9556a8e89e4e7,
        type: 3}
      propertyPath: m_AnchorMax.x
      value: 0.5
      objectReference: {fileID: 0}
    - target: {fileID: 707987900723816688, guid: dc3b060ed8a7a904aba9556a8e89e4e7,
        type: 3}
      propertyPath: m_AnchorMax.y
      value: 0.5
      objectReference: {fileID: 0}
    - target: {fileID: 707987900723816688, guid: dc3b060ed8a7a904aba9556a8e89e4e7,
        type: 3}
      propertyPath: m_Pivot.x
      value: 0.5
      objectReference: {fileID: 0}
    - target: {fileID: 707987900723816688, guid: dc3b060ed8a7a904aba9556a8e89e4e7,
        type: 3}
      propertyPath: m_Pivot.y
      value: 0.5
      objectReference: {fileID: 0}
    - target: {fileID: 5087236190092702487, guid: dc3b060ed8a7a904aba9556a8e89e4e7,
        type: 3}
      propertyPath: m_Color.r
      value: 1
      objectReference: {fileID: 0}
    - target: {fileID: 5087236190092702487, guid: dc3b060ed8a7a904aba9556a8e89e4e7,
        type: 3}
      propertyPath: m_Color.g
      value: 1
      objectReference: {fileID: 0}
    - target: {fileID: 5087236190092702487, guid: dc3b060ed8a7a904aba9556a8e89e4e7,
        type: 3}
      propertyPath: m_Color.b
      value: 1
      objectReference: {fileID: 0}
    m_RemovedComponents: []
  m_SourcePrefab: {fileID: 100100000, guid: dc3b060ed8a7a904aba9556a8e89e4e7, type: 3}
--- !u!224 &3134274287478851218 stripped
RectTransform:
  m_CorrespondingSourceObject: {fileID: 707987900723816688, guid: dc3b060ed8a7a904aba9556a8e89e4e7,
    type: 3}
  m_PrefabInstance: {fileID: 2498489425638174306}
  m_PrefabAsset: {fileID: 0}
--- !u!114 &7220700365258694005 stripped
MonoBehaviour:
  m_CorrespondingSourceObject: {fileID: 5087236190092702487, guid: dc3b060ed8a7a904aba9556a8e89e4e7,
    type: 3}
  m_PrefabInstance: {fileID: 2498489425638174306}
  m_PrefabAsset: {fileID: 0}
  m_GameObject: {fileID: 0}
  m_Enabled: 1
  m_EditorHideFlags: 0
  m_Script: {fileID: 11500000, guid: fe87c0e1cc204ed48ad3b37840f39efc, type: 3}
  m_Name: 
  m_EditorClassIdentifier: 
--- !u!1001 &3344846847174960319
PrefabInstance:
  m_ObjectHideFlags: 0
  serializedVersion: 2
  m_Modification:
    m_TransformParent: {fileID: 216768936404183182}
    m_Modifications:
    - target: {fileID: 6355385127095834228, guid: afa6786165e689d41b68f07ff79cd8e3,
        type: 3}
      propertyPath: m_LocalPosition.x
      value: 0
      objectReference: {fileID: 0}
    - target: {fileID: 6355385127095834228, guid: afa6786165e689d41b68f07ff79cd8e3,
        type: 3}
      propertyPath: m_LocalPosition.y
      value: 0
      objectReference: {fileID: 0}
    - target: {fileID: 6355385127095834228, guid: afa6786165e689d41b68f07ff79cd8e3,
        type: 3}
      propertyPath: m_LocalPosition.z
      value: 0
      objectReference: {fileID: 0}
    - target: {fileID: 6355385127095834228, guid: afa6786165e689d41b68f07ff79cd8e3,
        type: 3}
      propertyPath: m_LocalRotation.x
      value: -0
      objectReference: {fileID: 0}
    - target: {fileID: 6355385127095834228, guid: afa6786165e689d41b68f07ff79cd8e3,
        type: 3}
      propertyPath: m_LocalRotation.y
      value: -0
      objectReference: {fileID: 0}
    - target: {fileID: 6355385127095834228, guid: afa6786165e689d41b68f07ff79cd8e3,
        type: 3}
      propertyPath: m_LocalRotation.z
      value: -0
      objectReference: {fileID: 0}
    - target: {fileID: 6355385127095834228, guid: afa6786165e689d41b68f07ff79cd8e3,
        type: 3}
      propertyPath: m_LocalRotation.w
      value: 1
      objectReference: {fileID: 0}
    - target: {fileID: 6355385127095834228, guid: afa6786165e689d41b68f07ff79cd8e3,
        type: 3}
      propertyPath: m_RootOrder
      value: 0
      objectReference: {fileID: 0}
    - target: {fileID: 6355385127095834228, guid: afa6786165e689d41b68f07ff79cd8e3,
        type: 3}
      propertyPath: m_LocalEulerAnglesHint.x
      value: 0
      objectReference: {fileID: 0}
    - target: {fileID: 6355385127095834228, guid: afa6786165e689d41b68f07ff79cd8e3,
        type: 3}
      propertyPath: m_LocalEulerAnglesHint.y
      value: 0
      objectReference: {fileID: 0}
    - target: {fileID: 6355385127095834228, guid: afa6786165e689d41b68f07ff79cd8e3,
        type: 3}
      propertyPath: m_LocalEulerAnglesHint.z
      value: 0
      objectReference: {fileID: 0}
    - target: {fileID: 6355385127095834228, guid: afa6786165e689d41b68f07ff79cd8e3,
        type: 3}
      propertyPath: m_AnchoredPosition.x
      value: 0
      objectReference: {fileID: 0}
    - target: {fileID: 6355385127095834228, guid: afa6786165e689d41b68f07ff79cd8e3,
        type: 3}
      propertyPath: m_AnchoredPosition.y
      value: 29.4
      objectReference: {fileID: 0}
    - target: {fileID: 6355385127095834228, guid: afa6786165e689d41b68f07ff79cd8e3,
        type: 3}
      propertyPath: m_SizeDelta.x
      value: 0
      objectReference: {fileID: 0}
    - target: {fileID: 6355385127095834228, guid: afa6786165e689d41b68f07ff79cd8e3,
        type: 3}
      propertyPath: m_SizeDelta.y
      value: -58.8
      objectReference: {fileID: 0}
    - target: {fileID: 6355385127095834228, guid: afa6786165e689d41b68f07ff79cd8e3,
        type: 3}
      propertyPath: m_AnchorMin.x
      value: 0
      objectReference: {fileID: 0}
    - target: {fileID: 6355385127095834228, guid: afa6786165e689d41b68f07ff79cd8e3,
        type: 3}
      propertyPath: m_AnchorMin.y
      value: 0
      objectReference: {fileID: 0}
    - target: {fileID: 6355385127095834228, guid: afa6786165e689d41b68f07ff79cd8e3,
        type: 3}
      propertyPath: m_AnchorMax.x
      value: 1
      objectReference: {fileID: 0}
    - target: {fileID: 6355385127095834228, guid: afa6786165e689d41b68f07ff79cd8e3,
        type: 3}
      propertyPath: m_AnchorMax.y
      value: 1
      objectReference: {fileID: 0}
    - target: {fileID: 6355385127095834228, guid: afa6786165e689d41b68f07ff79cd8e3,
        type: 3}
      propertyPath: m_Pivot.x
      value: 0.5
      objectReference: {fileID: 0}
    - target: {fileID: 6355385127095834228, guid: afa6786165e689d41b68f07ff79cd8e3,
        type: 3}
      propertyPath: m_Pivot.y
      value: 0.5
      objectReference: {fileID: 0}
    - target: {fileID: 2626909310350465468, guid: afa6786165e689d41b68f07ff79cd8e3,
        type: 3}
      propertyPath: m_Name
      value: Text
      objectReference: {fileID: 0}
    - target: {fileID: 6804054157467007445, guid: afa6786165e689d41b68f07ff79cd8e3,
        type: 3}
      propertyPath: m_text
      value: Level
      objectReference: {fileID: 0}
    - target: {fileID: 6804054157467007445, guid: afa6786165e689d41b68f07ff79cd8e3,
        type: 3}
      propertyPath: m_fontColor32.rgba
      value: 4278190080
      objectReference: {fileID: 0}
    - target: {fileID: 6804054157467007445, guid: afa6786165e689d41b68f07ff79cd8e3,
        type: 3}
      propertyPath: m_textInfo.characterCount
      value: 5
      objectReference: {fileID: 0}
    - target: {fileID: 6804054157467007445, guid: afa6786165e689d41b68f07ff79cd8e3,
        type: 3}
      propertyPath: m_sharedMaterial
      value: 
      objectReference: {fileID: -8322825394678135052, guid: 6f5588d29f6135344bc088b1ffcffb29,
        type: 2}
    - target: {fileID: 6804054157467007445, guid: afa6786165e689d41b68f07ff79cd8e3,
        type: 3}
      propertyPath: m_hasFontAssetChanged
      value: 0
      objectReference: {fileID: 0}
    m_RemovedComponents: []
  m_SourcePrefab: {fileID: 100100000, guid: afa6786165e689d41b68f07ff79cd8e3, type: 3}
--- !u!224 &8528011632954831563 stripped
RectTransform:
  m_CorrespondingSourceObject: {fileID: 6355385127095834228, guid: afa6786165e689d41b68f07ff79cd8e3,
    type: 3}
  m_PrefabInstance: {fileID: 3344846847174960319}
  m_PrefabAsset: {fileID: 0}
--- !u!114 &8072582797378051434 stripped
MonoBehaviour:
  m_CorrespondingSourceObject: {fileID: 6804054157467007445, guid: afa6786165e689d41b68f07ff79cd8e3,
    type: 3}
  m_PrefabInstance: {fileID: 3344846847174960319}
  m_PrefabAsset: {fileID: 0}
  m_GameObject: {fileID: 0}
  m_Enabled: 1
  m_EditorHideFlags: 0
  m_Script: {fileID: 11500000, guid: f4688fdb7df04437aeb418b961361dc5, type: 3}
  m_Name: 
  m_EditorClassIdentifier: 
--- !u!1001 &3620642606624804954
PrefabInstance:
  m_ObjectHideFlags: 0
  serializedVersion: 2
  m_Modification:
    m_TransformParent: {fileID: 216768936404183182}
    m_Modifications:
    - target: {fileID: 1320569769469268972, guid: dc3b060ed8a7a904aba9556a8e89e4e7,
        type: 3}
      propertyPath: m_Name
      value: Star (1)
      objectReference: {fileID: 0}
    - target: {fileID: 1320569769469268972, guid: dc3b060ed8a7a904aba9556a8e89e4e7,
        type: 3}
      propertyPath: m_IsActive
      value: 0
      objectReference: {fileID: 0}
    - target: {fileID: 707987900723816688, guid: dc3b060ed8a7a904aba9556a8e89e4e7,
        type: 3}
      propertyPath: m_LocalPosition.x
      value: 0
      objectReference: {fileID: 0}
    - target: {fileID: 707987900723816688, guid: dc3b060ed8a7a904aba9556a8e89e4e7,
        type: 3}
      propertyPath: m_LocalPosition.y
      value: 0
      objectReference: {fileID: 0}
    - target: {fileID: 707987900723816688, guid: dc3b060ed8a7a904aba9556a8e89e4e7,
        type: 3}
      propertyPath: m_LocalPosition.z
      value: 0
      objectReference: {fileID: 0}
    - target: {fileID: 707987900723816688, guid: dc3b060ed8a7a904aba9556a8e89e4e7,
        type: 3}
      propertyPath: m_LocalRotation.x
      value: 0
      objectReference: {fileID: 0}
    - target: {fileID: 707987900723816688, guid: dc3b060ed8a7a904aba9556a8e89e4e7,
        type: 3}
      propertyPath: m_LocalRotation.y
      value: 0
      objectReference: {fileID: 0}
    - target: {fileID: 707987900723816688, guid: dc3b060ed8a7a904aba9556a8e89e4e7,
        type: 3}
      propertyPath: m_LocalRotation.z
      value: 0
      objectReference: {fileID: 0}
    - target: {fileID: 707987900723816688, guid: dc3b060ed8a7a904aba9556a8e89e4e7,
        type: 3}
      propertyPath: m_LocalRotation.w
      value: 1
      objectReference: {fileID: 0}
    - target: {fileID: 707987900723816688, guid: dc3b060ed8a7a904aba9556a8e89e4e7,
        type: 3}
      propertyPath: m_RootOrder
      value: 2
      objectReference: {fileID: 0}
    - target: {fileID: 707987900723816688, guid: dc3b060ed8a7a904aba9556a8e89e4e7,
        type: 3}
      propertyPath: m_LocalEulerAnglesHint.x
      value: 0
      objectReference: {fileID: 0}
    - target: {fileID: 707987900723816688, guid: dc3b060ed8a7a904aba9556a8e89e4e7,
        type: 3}
      propertyPath: m_LocalEulerAnglesHint.y
      value: 0
      objectReference: {fileID: 0}
    - target: {fileID: 707987900723816688, guid: dc3b060ed8a7a904aba9556a8e89e4e7,
        type: 3}
      propertyPath: m_LocalEulerAnglesHint.z
      value: 0
      objectReference: {fileID: 0}
    - target: {fileID: 707987900723816688, guid: dc3b060ed8a7a904aba9556a8e89e4e7,
        type: 3}
      propertyPath: m_AnchoredPosition.x
      value: 0
      objectReference: {fileID: 0}
    - target: {fileID: 707987900723816688, guid: dc3b060ed8a7a904aba9556a8e89e4e7,
        type: 3}
      propertyPath: m_AnchoredPosition.y
      value: -15
      objectReference: {fileID: 0}
    - target: {fileID: 707987900723816688, guid: dc3b060ed8a7a904aba9556a8e89e4e7,
        type: 3}
      propertyPath: m_SizeDelta.x
      value: 30
      objectReference: {fileID: 0}
    - target: {fileID: 707987900723816688, guid: dc3b060ed8a7a904aba9556a8e89e4e7,
        type: 3}
      propertyPath: m_SizeDelta.y
      value: 30
      objectReference: {fileID: 0}
    - target: {fileID: 707987900723816688, guid: dc3b060ed8a7a904aba9556a8e89e4e7,
        type: 3}
      propertyPath: m_AnchorMin.x
      value: 0.5
      objectReference: {fileID: 0}
    - target: {fileID: 707987900723816688, guid: dc3b060ed8a7a904aba9556a8e89e4e7,
        type: 3}
      propertyPath: m_AnchorMin.y
      value: 0.5
      objectReference: {fileID: 0}
    - target: {fileID: 707987900723816688, guid: dc3b060ed8a7a904aba9556a8e89e4e7,
        type: 3}
      propertyPath: m_AnchorMax.x
      value: 0.5
      objectReference: {fileID: 0}
    - target: {fileID: 707987900723816688, guid: dc3b060ed8a7a904aba9556a8e89e4e7,
        type: 3}
      propertyPath: m_AnchorMax.y
      value: 0.5
      objectReference: {fileID: 0}
    - target: {fileID: 707987900723816688, guid: dc3b060ed8a7a904aba9556a8e89e4e7,
        type: 3}
      propertyPath: m_Pivot.x
      value: 0.5
      objectReference: {fileID: 0}
    - target: {fileID: 707987900723816688, guid: dc3b060ed8a7a904aba9556a8e89e4e7,
        type: 3}
      propertyPath: m_Pivot.y
      value: 0.5
      objectReference: {fileID: 0}
    - target: {fileID: 5087236190092702487, guid: dc3b060ed8a7a904aba9556a8e89e4e7,
        type: 3}
      propertyPath: m_Color.r
      value: 1
      objectReference: {fileID: 0}
    - target: {fileID: 5087236190092702487, guid: dc3b060ed8a7a904aba9556a8e89e4e7,
        type: 3}
      propertyPath: m_Color.g
      value: 1
      objectReference: {fileID: 0}
    - target: {fileID: 5087236190092702487, guid: dc3b060ed8a7a904aba9556a8e89e4e7,
        type: 3}
      propertyPath: m_Color.b
      value: 1
      objectReference: {fileID: 0}
    m_RemovedComponents: []
  m_SourcePrefab: {fileID: 100100000, guid: dc3b060ed8a7a904aba9556a8e89e4e7, type: 3}
--- !u!224 &4317927822156822698 stripped
RectTransform:
  m_CorrespondingSourceObject: {fileID: 707987900723816688, guid: dc3b060ed8a7a904aba9556a8e89e4e7,
    type: 3}
  m_PrefabInstance: {fileID: 3620642606624804954}
  m_PrefabAsset: {fileID: 0}
--- !u!114 &8405516908362244941 stripped
MonoBehaviour:
  m_CorrespondingSourceObject: {fileID: 5087236190092702487, guid: dc3b060ed8a7a904aba9556a8e89e4e7,
    type: 3}
  m_PrefabInstance: {fileID: 3620642606624804954}
  m_PrefabAsset: {fileID: 0}
  m_GameObject: {fileID: 0}
  m_Enabled: 1
  m_EditorHideFlags: 0
  m_Script: {fileID: 11500000, guid: fe87c0e1cc204ed48ad3b37840f39efc, type: 3}
  m_Name: 
  m_EditorClassIdentifier: 
